<?xml version="1.0" encoding="UTF-8"?>
<collection xmlns="http://www.loc.gov/MARC21/slim">
 <record>
  <leader>02702cam a2200505   4500</leader>
  <controlfield tag="001">799327</controlfield>
  <controlfield tag="005">20130426155200.0</controlfield>
  <controlfield tag="008">731212m19679999iluab    b    000 0 eng  </controlfield>
  <controlfield tag="003">OLE</controlfield>
  <datafield tag="010" ind1=" " ind2=" ">
   <subfield code="a">   66017104 </subfield>
  </datafield>
  <datafield tag="015" ind1=" " ind2=" ">
   <subfield code="a">GB67-17683</subfield>
  </datafield>
  <datafield tag="035" ind1=" " ind2=" ">
   <subfield code="a">(OCoLC)934086</subfield>
  </datafield>
  <datafield tag="040" ind1=" " ind2=" ">
   <subfield code="a">DLC</subfield>
   <subfield code="b">eng</subfield>
   <subfield code="c">DLC</subfield>
   <subfield code="d">UKM</subfield>
   <subfield code="d">OCLCQ</subfield>
   <subfield code="d">BTCTA</subfield>
   <subfield code="d">OCLCG</subfield>
   <subfield code="d">CRU</subfield>
   <subfield code="d">ZCU</subfield>
   <subfield code="d">OCLCO</subfield>
   <subfield code="d">CGU</subfield>
  </datafield>
  <datafield tag="049" ind1=" " ind2=" ">
   <subfield code="a">CGUA</subfield>
  </datafield>
  <datafield tag="082" ind1="0" ind2="0">
   <subfield code="a">935</subfield>
  </datafield>
  <datafield tag="090" ind1=" " ind2=" ">
   <subfield code="a">DS70.5.N5</subfield>
   <subfield code="b">M3</subfield>
  </datafield>
  <datafield tag="090" ind1=" " ind2=" ">
   <subfield code="a">GN855.I7</subfield>
   <subfield code="b">M23</subfield>
  </datafield>
  <datafield tag="100" ind1="1" ind2=" ">
   <subfield code="a">McCown, Donald E.</subfield>
   <subfield code="q">(Donald Eugene),</subfield>
   <subfield code="d">1910-</subfield>
  </datafield>
  <datafield tag="245" ind1="1" ind2="0">
   <subfield code="a">Nippur :</subfield>
   <subfield code="b">excavations of the Joint Expedition to Nippur of the University Museum of Philadelphia and the Oriental Institute of the University of Chicago /</subfield>
   <subfield code="c">by Donald E. McCown and Richard C. Haines, assisted by Donald P. Hansen.</subfield>
  </datafield>
  <datafield tag="260" ind1=" " ind2=" ">
   <subfield code="a">Chicago :</subfield>
   <subfield code="b">University of Chicago Press,</subfield>
   <subfield code="c">[1967]-</subfield>
  </datafield>
  <datafield tag="300" ind1=" " ind2=" ">
   <subfield code="a">v. :</subfield>
   <subfield code="b">ill., maps ;</subfield>
   <subfield code="c">31 cm.</subfield>
  </datafield>
  <datafield tag="490" ind1="1" ind2=" ">
   <subfield code="a">The University of Chicago Oriental Institute publications, v. 78, 97, 111, 114</subfield>
  </datafield>
  <datafield tag="504" ind1=" " ind2=" ">
   <subfield code="a">Includes bibliographical references.</subfield>
  </datafield>
  <datafield tag="505" ind1="1" ind2=" ">
   <subfield code="a">v. 1. Temple of Enlil, scribal quarter, and soundings -- v. 2. The North Temple and the sounding E. -- v. 3. Kassite buildings in area WC-1 / by Richard L. Zettler -- v. 4. The early Neo-Babylonian governor's archive from Nippur / by Steven W. Cole.</subfield>
  </datafield>
  <datafield tag="651" ind1=" " ind2="0">
   <subfield code="a">Nippur (Extinct city)</subfield>
  </datafield>
  <datafield tag="650" ind1=" " ind2="7">
   <subfield code="a">Antiquities.</subfield>
   <subfield code="2">fast</subfield>
   <subfield code="0">http://id.worldcat.org/fast/fst00810745</subfield>
  </datafield>
  <datafield tag="650" ind1=" " ind2="7">
   <subfield code="a">Excavations (Archaeology)</subfield>
   <subfield code="2">fast</subfield>
   <subfield code="0">http://id.worldcat.org/fast/fst00917564</subfield>
  </datafield>
  <datafield tag="651" ind1=" " ind2="7">
   <subfield code="a">Iraq.</subfield>
   <subfield code="2">fast</subfield>
   <subfield code="0">http://id.worldcat.org/fast/fst01205757</subfield>
  </datafield>
  <datafield tag="651" ind1=" " ind2="7">
   <subfield code="a">Iraq</subfield>
   <subfield code="z">Nippur (Extinct city)</subfield>
   <subfield code="2">fast</subfield>
   <subfield code="0">http://id.worldcat.org/fast/fst01896887</subfield>
  </datafield>
  <datafield tag="700" ind1="1" ind2=" ">
   <subfield code="a">Haines, Richard C.,</subfield>
   <subfield code="e">joint author.</subfield>
  </datafield>
  <datafield tag="700" ind1="1" ind2=" ">
   <subfield code="a">Biggs, Robert D.,</subfield>
   <subfield code="e">joint author.</subfield>
  </datafield>
  <datafield tag="710" ind1="2" ind2=" ">
   <subfield code="a">Joint Expedition to Nippur.</subfield>
  </datafield>
  <datafield tag="776" ind1="0" ind2="8">
   <subfield code="i">Online version:</subfield>
   <subfield code="a">McCown, Donald E. (Donald Eugene), 1910-</subfield>
   <subfield code="t">Nippur; excavations of the Joint Expedition to Nippur of the University Museum of Philadelphia and the Oriental Institute of the University of Chicago.</subfield>
   <subfield code="d">Chicago, University of Chicago Press [1967]-</subfield>
   <subfield code="w">(OCoLC)557574492</subfield>
  </datafield>
  <datafield tag="776" ind1="0" ind2="8">
   <subfield code="i">Online version:</subfield>
   <subfield code="a">McCown, Donald E. (Donald Eugene), 1910-</subfield>
   <subfield code="t">Nippur; excavations of the Joint Expedition to Nippur of the University Museum of Philadelphia and the Oriental Institute of the University of Chicago.</subfield>
   <subfield code="d">Chicago, University of Chicago Press [1967]-</subfield>
   <subfield code="w">(OCoLC)606418005</subfield>
  </datafield>
  <datafield tag="830" ind1=" " ind2="0">
   <subfield code="a">University of Chicago Oriental Institute publications ;</subfield>
   <subfield code="v">v. 78, 97, 111, 114.</subfield>
  </datafield>
  <datafield tag="903" ind1=" " ind2=" ">
   <subfield code="a">UCPress</subfield>
  </datafield>
  <datafield tag="929" ind1=" " ind2=" ">
   <subfield code="t">LCC</subfield>
   <subfield code="c">Gen</subfield>
   <subfield code="b">f</subfield>
   <subfield code="a">DS70.M13</subfield>
   <subfield code="l">JRL</subfield>
  </datafield>
  <datafield tag="927" ind1=" " ind2=" ">
   <subfield code="b">44166489</subfield>
  </datafield>
  <datafield tag="927" ind1=" " ind2=" ">
   <subfield code="b">13188379</subfield>
  </datafield>
  <datafield tag="927" ind1=" " ind2=" ">
   <subfield code="b">25109877</subfield>
  </datafield>
  <datafield tag="927" ind1=" " ind2=" ">
   <subfield code="b">39575681</subfield>
  </datafield>
  <datafield tag="929" ind1=" " ind2=" ">
   <subfield code="t">LCC</subfield>
   <subfield code="c">Gen</subfield>
   <subfield code="b">f</subfield>
   <subfield code="a">DS70.M13</subfield>
   <subfield code="l">JRL</subfield>
  </datafield>
  <datafield tag="927" ind1=" " ind2=" ">
   <subfield code="b">10258785</subfield>
  </datafield>
  <datafield tag="927" ind1=" " ind2=" ">
   <subfield code="b">25109726</subfield>
  </datafield>
  <datafield tag="927" ind1=" " ind2=" ">
   <subfield code="b">41828231</subfield>
  </datafield>
 </record>
</collection>
